@inproceedings{shue2010interdependencies,
  title={On the interdependencies between voice quality, glottal gaps, and voice-source related acoustic measures.},
  author={Shue, Yen-Liang and Chen, Gang and Alwan, Abeer},
  booktitle={INTERSPEECH},
  pages={34--37},
  year={2010}
}
@article{rosenberg_glottal,
   author = "Rosenberg, A. E.",
   title = "Effect of Glottal Pulse Shape on the Quality of Natural Vowels",
   journal = "The Journal of the Acoustical Society of America",
   year = "1971",
   volume = "49",
   number = "2B", 
   eid = ,
   pages = "583-590",
   url = "http://scitation.aip.org/content/asa/journal/jasa/49/2B/10.1121/1.1912389",
   doi = "http://dx.doi.org/10.1121/1.1912389" 
}
@article{peterson_barney_vowels,
   author = "Peterson, Gordon E. and Barney, Harold L.",
   title = "Control Methods Used in a Study of the Vowels",
   journal = "The Journal of the Acoustical Society of America",
   year = "1952",
   volume = "24",
   number = "2", 
   eid = ,
   pages = "175-184",
   url = "http://scitation.aip.org/content/asa/journal/jasa/24/2/10.1121/1.1906875",
   doi = "http://dx.doi.org/10.1121/1.1906875" 
}
